<?xml version="1.0" encoding="UTF-8"?><collection xmlns="http://www.loc.gov/MARC21/slim"><record><leader>00377nam--2200145-i-4500</leader><controlfield tag="001">000021021</controlfield><controlfield tag="002">20161230</controlfield><controlfield tag="005">20161230201034</controlfield><controlfield tag="008">060222s1000------------r-----000-0-eng-d</controlfield><datafield ind1=" " ind2=" " tag="020"><subfield code="a">92-0-102</subfield></datafield><datafield ind1=" " ind2=" " tag="080"><subfield code="a">061(4)(09)</subfield></datafield><datafield ind1=" " ind2=" " tag="100"><subfield code="a">Fischer, David</subfield></datafield><datafield ind1=" " ind2=" " tag="245"><subfield code="a">History of the international atomic energy the first forty years</subfield></datafield><datafield ind1=" " ind2=" " tag="260"><subfield code="a">Vienna, Iaea, 1997. 550 P</subfield></datafield><datafield ind1=" " ind2=" " tag="852"><subfield code="a">80986</subfield></datafield></record></collection>